<record><leader>00000cas a2200000 a 4500</leader><controlfield tag="001">24385003</controlfield><controlfield tag="008">910916d18871919ncuwn ne      0    0eng c</controlfield><datafield ind1=" " ind2=" " tag="010"><subfield code="a">sn 91068142 </subfield></datafield><datafield ind1=" " ind2=" " tag="040"><subfield code="a">NVJ</subfield><subfield code="b">eng</subfield><subfield code="c">NVJ</subfield><subfield code="d">NVF</subfield><subfield code="d">FUG</subfield><subfield code="d">OCLCQ</subfield><subfield code="d">CUI</subfield><subfield code="d">OCLCQ</subfield><subfield code="d">OCLCF</subfield></datafield><datafield ind1="1" ind2=" " tag="029"><subfield code="a">AU@</subfield><subfield code="b">000025861706</subfield></datafield><datafield ind1=" " ind2=" " tag="042"><subfield code="a">pcc</subfield></datafield><datafield ind1=" " ind2=" " tag="043"><subfield code="a">n-us-nc</subfield></datafield><datafield ind1=" " ind2="4" tag="050"><subfield code="a">AN</subfield></datafield><datafield ind1="0" ind2=" " tag="130"><subfield code="a">Fayetteville observer (Fayetteville, N.C. : 1887)</subfield></datafield><datafield ind1="1" ind2="0" tag="245"><subfield code="a">Fayetteville observer.</subfield></datafield><datafield ind1=" " ind2=" " tag="260"><subfield code="a">Fayetteville, N.C. :</subfield><subfield code="b">G.H. Haigh</subfield></datafield><datafield ind1=" " ind2=" " tag="300"><subfield code="a">v.</subfield></datafield><datafield ind1=" " ind2=" " tag="310"><subfield code="a">Weekly (except at Christmas)</subfield></datafield><datafield ind1="0" ind2=" " tag="362"><subfield code="a">Vol. 4, no. 206 (Feb. 10, 1887)- = old ser., v. 52, no. 2662-</subfield></datafield><datafield ind1="1" ind2=" " tag="362"><subfield code="a">Ceased in 1919?</subfield></datafield><datafield ind1=" " ind2=" " tag="580"><subfield code="a">Daily eds.: Fayetteville observer (Fayetteville, N.C. : 1896), 1896-1905, and: Fayetteville daily observer, 1905-1919.</subfield></datafield><datafield ind1=" " ind2="0" tag="651"><subfield code="a">Fayetteville (N.C.)</subfield><subfield code="v">Newspapers.</subfield></datafield><datafield ind1=" " ind2="0" tag="651"><subfield code="a">Cumberland County (N.C.)</subfield><subfield code="v">Newspapers.</subfield></datafield><datafield ind1=" " ind2="7" tag="655"><subfield code="a">Newspapers.</subfield><subfield code="2">fast</subfield><subfield code="0">(OCoLC)fst01423814</subfield></datafield><datafield ind1=" " ind2="7" tag="651"><subfield code="a">North Carolina</subfield><subfield code="z">Cumberland County.</subfield><subfield code="2">fast</subfield><subfield code="0">(OCoLC)fst01212201</subfield></datafield><datafield ind1=" " ind2="7" tag="651"><subfield code="a">North Carolina</subfield><subfield code="z">Fayetteville.</subfield><subfield code="2">fast</subfield><subfield code="0">(OCoLC)fst01204294</subfield></datafield><datafield ind1=" " ind2=" " tag="752"><subfield code="a">United States</subfield><subfield code="b">North Carolina</subfield><subfield code="c">Cumberland</subfield><subfield code="d">Fayetteville.</subfield></datafield><datafield ind1="1" ind2=" " tag="775"><subfield code="t">Fayetteville observer (Fayetteville, N.C. : 1896)</subfield><subfield code="w">(DLC)sn 92074073</subfield><subfield code="w">(OCoLC)26368956</subfield></datafield><datafield ind1="1" ind2=" " tag="775"><subfield code="t">Fayetteville daily observer</subfield><subfield code="w">(DLC)sn 92074074</subfield><subfield code="w">(OCoLC)26368985</subfield></datafield><datafield ind1="0" ind2="8" tag="776"><subfield code="i">Online version:</subfield><subfield code="t">Fayetteville observer (Fayetteville, N.C. : 1887 : Online)</subfield><subfield code="w">(OCoLC)613259603</subfield></datafield><datafield ind1="0" ind2="0" tag="780"><subfield code="t">Observer and gazette</subfield><subfield code="w">(DLC)sn 91068141</subfield><subfield code="w">(OCoLC)24384977</subfield></datafield></record>